@inproceedings{inproceedings,
author = {Terra, Ricardo and Bigonha, Roberto and Valente, Marco},
year = {2010},
month = {01},
pages = {1-14},
title = {Análise Comparativa do Código Gerado por Compiladores Java e C++}
}